<?xml version="1.0" encoding="UTF-8"?><collection xmlns="http://www.loc.gov/MARC21/slim"><record><leader>00484nam--2200133-i-4500</leader><controlfield tag="001">000043372</controlfield><controlfield tag="002">20161230</controlfield><controlfield tag="005">20161230201044</controlfield><controlfield tag="008">060222s1000------------r-----000-0-eng-d</controlfield><datafield ind1=" " ind2=" " tag="080"><subfield code="a">621.014.481:621.384.633:061.3</subfield></datafield><datafield ind1=" " ind2=" " tag="245"><subfield code="a">Symposium on the use of cyclotrons in medicine held in the wolfson inst.of the royal postgraduate medical school hammersmith hospital 20th sept.,1969. f.p</subfield></datafield><datafield ind1=" " ind2=" " tag="260"><subfield code="a">London, Mrc, Cyclotron Unit, 1969. F.P</subfield></datafield><datafield ind1=" " ind2=" " tag="490"><subfield code="a">Medical Research Council</subfield></datafield><datafield ind1=" " ind2=" " tag="852"><subfield code="a">38704</subfield></datafield></record></collection>